%YAML 1.1
%TAG !u! tag:unity3d.com,2011:
--- !u!1 &9193003662153532747
GameObject:
  m_ObjectHideFlags: 0
  m_CorrespondingSourceObject: {fileID: 0}
  m_PrefabInstance: {fileID: 0}
  m_PrefabAsset: {fileID: 0}
  serializedVersion: 6
  m_Component:
  - component: {fileID: 9193003662153532746}
  - component: {fileID: 701633501536197395}
  - component: {fileID: 6720540255562885426}
  - component: {fileID: 2812874350816932394}
  - component: {fileID: 5115581879941321954}
  - component: {fileID: 6895478786528250115}
  m_Layer: 11
  m_Name: Mothership
  m_TagString: Unit
  m_Icon: {fileID: 0}
  m_NavMeshLayer: 0
  m_StaticEditorFlags: 0
  m_IsActive: 1
--- !u!4 &9193003662153532746
Transform:
  m_ObjectHideFlags: 0
  m_CorrespondingSourceObject: {fileID: 0}
  m_PrefabInstance: {fileID: 0}
  m_PrefabAsset: {fileID: 0}
  m_GameObject: {fileID: 9193003662153532747}
  m_LocalRotation: {x: 0, y: 0, z: 0, w: 1}
  m_LocalPosition: {x: 0, y: 0, z: 0}
  m_LocalScale: {x: 1, y: 1, z: 1}
  m_Children:
  - {fileID: 9193003663006325556}
  m_Father: {fileID: 0}
  m_RootOrder: 0
  m_LocalEulerAnglesHint: {x: 0, y: 0, z: 0}
--- !u!95 &701633501536197395
Animator:
  serializedVersion: 3
  m_ObjectHideFlags: 0
  m_CorrespondingSourceObject: {fileID: 0}
  m_PrefabInstance: {fileID: 0}
  m_PrefabAsset: {fileID: 0}
  m_GameObject: {fileID: 9193003662153532747}
  m_Enabled: 1
  m_Avatar: {fileID: 0}
  m_Controller: {fileID: 9100000, guid: c58221a19cda2b94ea2b92cf598220e2, type: 2}
  m_CullingMode: 0
  m_UpdateMode: 0
  m_ApplyRootMotion: 0
  m_LinearVelocityBlending: 0
  m_WarningMessage: 
  m_HasTransformHierarchy: 1
  m_AllowConstantClipSamplingOptimization: 1
  m_KeepAnimatorControllerStateOnDisable: 0
--- !u!136 &6720540255562885426
CapsuleCollider:
  m_ObjectHideFlags: 0
  m_CorrespondingSourceObject: {fileID: 0}
  m_PrefabInstance: {fileID: 0}
  m_PrefabAsset: {fileID: 0}
  m_GameObject: {fileID: 9193003662153532747}
  m_Material: {fileID: 0}
  m_IsTrigger: 0
  m_Enabled: 1
  m_Radius: 1
  m_Height: 4
  m_Direction: 1
  m_Center: {x: 0, y: 0, z: 0}
--- !u!54 &2812874350816932394
Rigidbody:
  m_ObjectHideFlags: 0
  m_CorrespondingSourceObject: {fileID: 0}
  m_PrefabInstance: {fileID: 0}
  m_PrefabAsset: {fileID: 0}
  m_GameObject: {fileID: 9193003662153532747}
  serializedVersion: 2
  m_Mass: 10000
  m_Drag: 0
  m_AngularDrag: 0.05
  m_UseGravity: 0
  m_IsKinematic: 1
  m_Interpolate: 0
  m_Constraints: 0
  m_CollisionDetection: 0
--- !u!195 &5115581879941321954
NavMeshAgent:
  m_ObjectHideFlags: 0
  m_CorrespondingSourceObject: {fileID: 0}
  m_PrefabInstance: {fileID: 0}
  m_PrefabAsset: {fileID: 0}
  m_GameObject: {fileID: 9193003662153532747}
  m_Enabled: 1
  m_AgentTypeID: 0
  m_Radius: 0.75
  m_Speed: 1
  m_Acceleration: 8
  avoidancePriority: 50
  m_AngularSpeed: 120
  m_StoppingDistance: 0
  m_AutoTraverseOffMeshLink: 1
  m_AutoBraking: 1
  m_AutoRepath: 1
  m_Height: 2
  m_BaseOffset: 0
  m_WalkableMask: 4294967295
  m_ObstacleAvoidanceType: 4
--- !u!114 &6895478786528250115
MonoBehaviour:
  m_ObjectHideFlags: 0
  m_CorrespondingSourceObject: {fileID: 0}
  m_PrefabInstance: {fileID: 0}
  m_PrefabAsset: {fileID: 0}
  m_GameObject: {fileID: 9193003662153532747}
  m_Enabled: 1
  m_EditorHideFlags: 0
  m_GeneratorAsset: {fileID: 0}
  m_Script: {fileID: 11500000, guid: a7aaa7bb6b9384548b1e290d925e3732, type: 3}
  m_Name: 
  m_EditorClassIdentifier: 
  Unit: {fileID: 11400000, guid: 30a5e89da91ef0445a6f54ebf655faee, type: 2}
  Player: {fileID: 11400000, guid: 1fd3b0b82b0338743ac416eebf8b8ce3, type: 2}
  HealthBar: {fileID: 141011386026147339, guid: 49633fc62b1020c488f7c8850a5a51cf,
    type: 3}
  CurrentState: {fileID: 11400000, guid: d03616441978c0543a2c2b01d561f167, type: 2}
  RemainState: {fileID: 11400000, guid: 4dceea20c8b04964cbc204c952fc4cac, type: 2}
  StateTimeElapsed: 0
  GuiElementPrefab: {fileID: 0}
  GuiElement: {fileID: 0}
  SkillTimeElapsed: []
  ActiveSkill: {fileID: 0}
  Target: {fileID: 0}
  NavMeshAgent: {fileID: 0}
--- !u!1 &9193003663006325557
GameObject:
  m_ObjectHideFlags: 0
  m_CorrespondingSourceObject: {fileID: 0}
  m_PrefabInstance: {fileID: 0}
  m_PrefabAsset: {fileID: 0}
  serializedVersion: 6
  m_Component:
  - component: {fileID: 9193003663006325556}
  m_Layer: 11
  m_Name: Body
  m_TagString: Untagged
  m_Icon: {fileID: 0}
  m_NavMeshLayer: 0
  m_StaticEditorFlags: 0
  m_IsActive: 1
--- !u!4 &9193003663006325556
Transform:
  m_ObjectHideFlags: 0
  m_CorrespondingSourceObject: {fileID: 0}
  m_PrefabInstance: {fileID: 0}
  m_PrefabAsset: {fileID: 0}
  m_GameObject: {fileID: 9193003663006325557}
  m_LocalRotation: {x: 0, y: 0.9993116, z: -0, w: -0.037098393}
  m_LocalPosition: {x: 0, y: -0.04296726, z: 0}
  m_LocalScale: {x: 1, y: 1, z: 1}
  m_Children:
  - {fileID: 9194707639910783075}
  - {fileID: 1351565993882019764}
  - {fileID: 5024923112494356625}
  m_Father: {fileID: 9193003662153532746}
  m_RootOrder: 0
  m_LocalEulerAnglesHint: {x: 0, y: 0, z: 0}
--- !u!1001 &3139687846924714970
PrefabInstance:
  m_ObjectHideFlags: 0
  serializedVersion: 2
  m_Modification:
    m_TransformParent: {fileID: 9193003663006325556}
    m_Modifications:
    - target: {fileID: 3956381648478942710, guid: db4cf1d80a334eb4fb843b72067897f0,
        type: 3}
      propertyPath: m_Name
      value: Engine Particle Simple
      objectReference: {fileID: 0}
    - target: {fileID: 3956381648478942710, guid: db4cf1d80a334eb4fb843b72067897f0,
        type: 3}
      propertyPath: m_Layer
      value: 11
      objectReference: {fileID: 0}
    - target: {fileID: 4130877735689708654, guid: db4cf1d80a334eb4fb843b72067897f0,
        type: 3}
      propertyPath: m_LocalPosition.x
      value: -0.317
      objectReference: {fileID: 0}
    - target: {fileID: 4130877735689708654, guid: db4cf1d80a334eb4fb843b72067897f0,
        type: 3}
      propertyPath: m_LocalPosition.y
      value: -2.165
      objectReference: {fileID: 0}
    - target: {fileID: 4130877735689708654, guid: db4cf1d80a334eb4fb843b72067897f0,
        type: 3}
      propertyPath: m_LocalPosition.z
      value: -0.726
      objectReference: {fileID: 0}
    - target: {fileID: 4130877735689708654, guid: db4cf1d80a334eb4fb843b72067897f0,
        type: 3}
      propertyPath: m_LocalRotation.x
      value: 0
      objectReference: {fileID: 0}
    - target: {fileID: 4130877735689708654, guid: db4cf1d80a334eb4fb843b72067897f0,
        type: 3}
      propertyPath: m_LocalRotation.y
      value: 0
      objectReference: {fileID: 0}
    - target: {fileID: 4130877735689708654, guid: db4cf1d80a334eb4fb843b72067897f0,
        type: 3}
      propertyPath: m_LocalRotation.z
      value: 0
      objectReference: {fileID: 0}
    - target: {fileID: 4130877735689708654, guid: db4cf1d80a334eb4fb843b72067897f0,
        type: 3}
      propertyPath: m_LocalRotation.w
      value: 1
      objectReference: {fileID: 0}
    - target: {fileID: 4130877735689708654, guid: db4cf1d80a334eb4fb843b72067897f0,
        type: 3}
      propertyPath: m_RootOrder
      value: 1
      objectReference: {fileID: 0}
    - target: {fileID: 4130877735689708654, guid: db4cf1d80a334eb4fb843b72067897f0,
        type: 3}
      propertyPath: m_LocalEulerAnglesHint.x
      value: 0
      objectReference: {fileID: 0}
    - target: {fileID: 4130877735689708654, guid: db4cf1d80a334eb4fb843b72067897f0,
        type: 3}
      propertyPath: m_LocalEulerAnglesHint.y
      value: 0
      objectReference: {fileID: 0}
    - target: {fileID: 4130877735689708654, guid: db4cf1d80a334eb4fb843b72067897f0,
        type: 3}
      propertyPath: m_LocalEulerAnglesHint.z
      value: 0
      objectReference: {fileID: 0}
    - target: {fileID: 4130877735689708654, guid: db4cf1d80a334eb4fb843b72067897f0,
        type: 3}
      propertyPath: m_LocalScale.x
      value: 2
      objectReference: {fileID: 0}
    - target: {fileID: 4130877735689708654, guid: db4cf1d80a334eb4fb843b72067897f0,
        type: 3}
      propertyPath: m_LocalScale.y
      value: 2
      objectReference: {fileID: 0}
    - target: {fileID: 4130877735689708654, guid: db4cf1d80a334eb4fb843b72067897f0,
        type: 3}
      propertyPath: m_LocalScale.z
      value: 2
      objectReference: {fileID: 0}
    - target: {fileID: 5866376113608062583, guid: db4cf1d80a334eb4fb843b72067897f0,
        type: 3}
      propertyPath: InitialModule.startLifetime.scalar
      value: 0.25
      objectReference: {fileID: 0}
    - target: {fileID: 5866376113608062583, guid: db4cf1d80a334eb4fb843b72067897f0,
        type: 3}
      propertyPath: InitialModule.startSpeed.scalar
      value: 1
      objectReference: {fileID: 0}
    m_RemovedComponents: []
  m_SourcePrefab: {fileID: 100100000, guid: db4cf1d80a334eb4fb843b72067897f0, type: 3}
--- !u!4 &1351565993882019764 stripped
Transform:
  m_CorrespondingSourceObject: {fileID: 4130877735689708654, guid: db4cf1d80a334eb4fb843b72067897f0,
    type: 3}
  m_PrefabInstance: {fileID: 3139687846924714970}
  m_PrefabAsset: {fileID: 0}
--- !u!1001 &9002642434458041599
PrefabInstance:
  m_ObjectHideFlags: 0
  serializedVersion: 2
  m_Modification:
    m_TransformParent: {fileID: 9193003663006325556}
    m_Modifications:
    - target: {fileID: 3956381648478942710, guid: db4cf1d80a334eb4fb843b72067897f0,
        type: 3}
      propertyPath: m_Name
      value: Engine Particle Simple
      objectReference: {fileID: 0}
    - target: {fileID: 3956381648478942710, guid: db4cf1d80a334eb4fb843b72067897f0,
        type: 3}
      propertyPath: m_Layer
      value: 11
      objectReference: {fileID: 0}
    - target: {fileID: 4130877735689708654, guid: db4cf1d80a334eb4fb843b72067897f0,
        type: 3}
      propertyPath: m_LocalPosition.x
      value: -0.317
      objectReference: {fileID: 0}
    - target: {fileID: 4130877735689708654, guid: db4cf1d80a334eb4fb843b72067897f0,
        type: 3}
      propertyPath: m_LocalPosition.y
      value: -2.165
      objectReference: {fileID: 0}
    - target: {fileID: 4130877735689708654, guid: db4cf1d80a334eb4fb843b72067897f0,
        type: 3}
      propertyPath: m_LocalPosition.z
      value: 0.418
      objectReference: {fileID: 0}
    - target: {fileID: 4130877735689708654, guid: db4cf1d80a334eb4fb843b72067897f0,
        type: 3}
      propertyPath: m_LocalRotation.x
      value: -0
      objectReference: {fileID: 0}
    - target: {fileID: 4130877735689708654, guid: db4cf1d80a334eb4fb843b72067897f0,
        type: 3}
      propertyPath: m_LocalRotation.y
      value: -0
      objectReference: {fileID: 0}
    - target: {fileID: 4130877735689708654, guid: db4cf1d80a334eb4fb843b72067897f0,
        type: 3}
      propertyPath: m_LocalRotation.z
      value: -0
      objectReference: {fileID: 0}
    - target: {fileID: 4130877735689708654, guid: db4cf1d80a334eb4fb843b72067897f0,
        type: 3}
      propertyPath: m_LocalRotation.w
      value: 1
      objectReference: {fileID: 0}
    - target: {fileID: 4130877735689708654, guid: db4cf1d80a334eb4fb843b72067897f0,
        type: 3}
      propertyPath: m_RootOrder
      value: 2
      objectReference: {fileID: 0}
    - target: {fileID: 4130877735689708654, guid: db4cf1d80a334eb4fb843b72067897f0,
        type: 3}
      propertyPath: m_LocalEulerAnglesHint.x
      value: 0
      objectReference: {fileID: 0}
    - target: {fileID: 4130877735689708654, guid: db4cf1d80a334eb4fb843b72067897f0,
        type: 3}
      propertyPath: m_LocalEulerAnglesHint.y
      value: 0
      objectReference: {fileID: 0}
    - target: {fileID: 4130877735689708654, guid: db4cf1d80a334eb4fb843b72067897f0,
        type: 3}
      propertyPath: m_LocalEulerAnglesHint.z
      value: 0
      objectReference: {fileID: 0}
    - target: {fileID: 4130877735689708654, guid: db4cf1d80a334eb4fb843b72067897f0,
        type: 3}
      propertyPath: m_LocalScale.x
      value: 2
      objectReference: {fileID: 0}
    - target: {fileID: 4130877735689708654, guid: db4cf1d80a334eb4fb843b72067897f0,
        type: 3}
      propertyPath: m_LocalScale.y
      value: 2
      objectReference: {fileID: 0}
    - target: {fileID: 4130877735689708654, guid: db4cf1d80a334eb4fb843b72067897f0,
        type: 3}
      propertyPath: m_LocalScale.z
      value: 2
      objectReference: {fileID: 0}
    - target: {fileID: 5866376113608062583, guid: db4cf1d80a334eb4fb843b72067897f0,
        type: 3}
      propertyPath: InitialModule.startLifetime.scalar
      value: 0.25
      objectReference: {fileID: 0}
    - target: {fileID: 5866376113608062583, guid: db4cf1d80a334eb4fb843b72067897f0,
        type: 3}
      propertyPath: InitialModule.startSpeed.scalar
      value: 1
      objectReference: {fileID: 0}
    m_RemovedComponents: []
  m_SourcePrefab: {fileID: 100100000, guid: db4cf1d80a334eb4fb843b72067897f0, type: 3}
--- !u!4 &5024923112494356625 stripped
Transform:
  m_CorrespondingSourceObject: {fileID: 4130877735689708654, guid: db4cf1d80a334eb4fb843b72067897f0,
    type: 3}
  m_PrefabInstance: {fileID: 9002642434458041599}
  m_PrefabAsset: {fileID: 0}
--- !u!1001 &9193003661889694435
PrefabInstance:
  m_ObjectHideFlags: 0
  serializedVersion: 2
  m_Modification:
    m_TransformParent: {fileID: 9193003663006325556}
    m_Modifications:
    - target: {fileID: 1000012803887972, guid: 98f18e29617105840986a132a8f29843, type: 3}
      propertyPath: m_Name
      value: SF_Corvette-F3
      objectReference: {fileID: 0}
    - target: {fileID: 1000012803887972, guid: 98f18e29617105840986a132a8f29843, type: 3}
      propertyPath: m_Layer
      value: 11
      objectReference: {fileID: 0}
    - target: {fileID: 4000013499708032, guid: 98f18e29617105840986a132a8f29843, type: 3}
      propertyPath: m_LocalPosition.x
      value: 0
      objectReference: {fileID: 0}
    - target: {fileID: 4000013499708032, guid: 98f18e29617105840986a132a8f29843, type: 3}
      propertyPath: m_LocalPosition.y
      value: 0
      objectReference: {fileID: 0}
    - target: {fileID: 4000013499708032, guid: 98f18e29617105840986a132a8f29843, type: 3}
      propertyPath: m_LocalPosition.z
      value: 0
      objectReference: {fileID: 0}
    - target: {fileID: 4000013499708032, guid: 98f18e29617105840986a132a8f29843, type: 3}
      propertyPath: m_LocalRotation.x
      value: 0.5
      objectReference: {fileID: 0}
    - target: {fileID: 4000013499708032, guid: 98f18e29617105840986a132a8f29843, type: 3}
      propertyPath: m_LocalRotation.y
      value: -0.5
      objectReference: {fileID: 0}
    - target: {fileID: 4000013499708032, guid: 98f18e29617105840986a132a8f29843, type: 3}
      propertyPath: m_LocalRotation.z
      value: -0.5
      objectReference: {fileID: 0}
    - target: {fileID: 4000013499708032, guid: 98f18e29617105840986a132a8f29843, type: 3}
      propertyPath: m_LocalRotation.w
      value: -0.5
      objectReference: {fileID: 0}
    - target: {fileID: 4000013499708032, guid: 98f18e29617105840986a132a8f29843, type: 3}
      propertyPath: m_RootOrder
      value: 0
      objectReference: {fileID: 0}
    - target: {fileID: 4000013499708032, guid: 98f18e29617105840986a132a8f29843, type: 3}
      propertyPath: m_LocalEulerAnglesHint.x
      value: 270
      objectReference: {fileID: 0}
    - target: {fileID: 4000013499708032, guid: 98f18e29617105840986a132a8f29843, type: 3}
      propertyPath: m_LocalEulerAnglesHint.y
      value: 0
      objectReference: {fileID: 0}
    - target: {fileID: 4000013499708032, guid: 98f18e29617105840986a132a8f29843, type: 3}
      propertyPath: m_LocalEulerAnglesHint.z
      value: 90
      objectReference: {fileID: 0}
    - target: {fileID: 4000013499708032, guid: 98f18e29617105840986a132a8f29843, type: 3}
      propertyPath: m_LocalScale.x
      value: 0.0015
      objectReference: {fileID: 0}
    - target: {fileID: 4000013499708032, guid: 98f18e29617105840986a132a8f29843, type: 3}
      propertyPath: m_LocalScale.y
      value: 0.0015
      objectReference: {fileID: 0}
    - target: {fileID: 4000013499708032, guid: 98f18e29617105840986a132a8f29843, type: 3}
      propertyPath: m_LocalScale.z
      value: 0.0015
      objectReference: {fileID: 0}
    m_RemovedComponents: []
  m_SourcePrefab: {fileID: 100100000, guid: 98f18e29617105840986a132a8f29843, type: 3}
--- !u!4 &9194707639910783075 stripped
Transform:
  m_CorrespondingSourceObject: {fileID: 4000013499708032, guid: 98f18e29617105840986a132a8f29843,
    type: 3}
  m_PrefabInstance: {fileID: 9193003661889694435}
  m_PrefabAsset: {fileID: 0}
